<record><leader>00000cas a2200000 a 4500</leader><controlfield tag="001">9355303</controlfield><controlfield tag="008">830329d18271855mauwr ne      0   a0eng c</controlfield><datafield ind1=" " ind2=" " tag="010"><subfield code="a">sn 84023561 </subfield></datafield><datafield ind1=" " ind2=" " tag="040"><subfield code="a">PIT</subfield><subfield code="b">eng</subfield><subfield code="c">PIT</subfield><subfield code="d">NPX</subfield><subfield code="d">NPY</subfield><subfield code="d">NPU</subfield><subfield code="d">NPA</subfield><subfield code="d">DLC</subfield><subfield code="d">MGN</subfield><subfield code="d">CNK</subfield><subfield code="d">CNW</subfield><subfield code="d">HUL</subfield><subfield code="d">OCL</subfield><subfield code="d">NVF</subfield><subfield code="d">OCLCG</subfield><subfield code="d">KRTAS</subfield><subfield code="d">DLC</subfield><subfield code="d">OCLCQ</subfield><subfield code="d">OCLCF</subfield><subfield code="d">OCLCO</subfield></datafield><datafield ind1="1" ind2=" " tag="029"><subfield code="a">AU@</subfield><subfield code="b">000020129494</subfield></datafield><datafield ind1=" " ind2=" " tag="042"><subfield code="a">pcc</subfield></datafield><datafield ind1=" " ind2=" " tag="043"><subfield code="a">n-us-ma</subfield></datafield><datafield ind1="0" ind2="0" tag="050"><subfield code="a">Newspaper</subfield></datafield><datafield ind1="0" ind2=" " tag="130"><subfield code="a">Boston statesman (Boston, Mass. : Weekly)</subfield></datafield><datafield ind1="1" ind2="4" tag="245"><subfield code="a">The Boston statesman.</subfield></datafield><datafield ind1=" " ind2=" " tag="260"><subfield code="a">Boston, Mass. :</subfield><subfield code="b">Nathaniel Greene,</subfield><subfield code="c">1827-1855.</subfield></datafield><datafield ind1=" " ind2=" " tag="300"><subfield code="a">v. :</subfield><subfield code="b">ill. ;</subfield><subfield code="c">58-80 cm.</subfield></datafield><datafield ind1=" " ind2=" " tag="310"><subfield code="a">Weekly</subfield></datafield><datafield ind1="0" ind2=" " tag="362"><subfield code="a">Vol. 1, no. 37 (Nov. 17, 1827)-v. 3, no. 12 (May 30, 1829) ; New ser., v. 1, no. 1 (June 6, 1829)-new ser., v. 27, no. 21 (Jan. 20, 1855).</subfield></datafield><datafield ind1=" " ind2=" " tag="500"><subfield code="a">Publishers: Charles C. Greene, 1829-1834; Beals &amp; Greene, 1834-1852; Beals, Greene &amp; Co., 1852-1855.</subfield></datafield><datafield ind1=" " ind2=" " tag="500"><subfield code="a">Republican, 1828-1832; Democratic Republican, 1833-1834; Democratic, 1834-1855.</subfield></datafield><datafield ind1=" " ind2=" " tag="500"><subfield code="a">Editors: N. Greene, 1828-1829; F.S. Hill, 1828; C.G. Greene, 1828-1855.</subfield></datafield><datafield ind1=" " ind2=" " tag="580"><subfield code="a">Daily eds.: Boston statesman (Boston, Mass. : Daily), 1827-1829, and: Daily morning post (Boston, Mass.), 1831, and: Boston morning post (Boston, Mass. : 1831), 1831-1842, and: Boston post (Boston, Mass. : Daily), 1842-1855.</subfield></datafield><datafield ind1=" " ind2=" " tag="580"><subfield code="a">Semiweekly ed.: Boston press and post, 1839-1855.</subfield></datafield><datafield ind1=" " ind2=" " tag="580"><subfield code="a">Triweekly ed.: Boston statesman (Boston, Mass. : Triweekly), 1827-1829.</subfield></datafield><datafield ind1=" " ind2=" " tag="580"><subfield code="a">Presidential election campaign ed.: Campaign post (Boston, Mass. : 1852), 1852.</subfield></datafield><datafield ind1=" " ind2="0" tag="651"><subfield code="a">Boston (Mass.)</subfield><subfield code="v">Newspapers.</subfield></datafield><datafield ind1=" " ind2="7" tag="655"><subfield code="a">Newspapers.</subfield><subfield code="2">fast</subfield><subfield code="0">(OCoLC)fst01423814</subfield></datafield><datafield ind1=" " ind2="7" tag="651"><subfield code="a">Massachusetts</subfield><subfield code="z">Boston.</subfield><subfield code="2">fast</subfield><subfield code="0">(OCoLC)fst01205012</subfield></datafield><datafield ind1="1" ind2=" " tag="700"><subfield code="a">Greene, Charles G.</subfield><subfield code="q">(Charles Gordon),</subfield><subfield code="d">1804-1886.</subfield></datafield><datafield ind1=" " ind2=" " tag="752"><subfield code="a">United States</subfield><subfield code="b">Massachusetts</subfield><subfield code="c">Suffolk</subfield><subfield code="d">Boston.</subfield></datafield><datafield ind1="1" ind2=" " tag="775"><subfield code="t">Boston statesman (Boston, Mass. : Daily)</subfield><subfield code="w">(DLC)sn 84023559</subfield><subfield code="w">(OCoLC)10897081</subfield></datafield><datafield ind1="1" ind2=" " tag="775"><subfield code="t">Daily morning post (Boston, Mass.)</subfield><subfield code="w">(DLC)sn 84023562</subfield><subfield code="w">(OCoLC)10900451</subfield></datafield><datafield ind1="1" ind2=" " tag="775"><subfield code="t">Boston morning post (Boston, Mass. : 1831)</subfield><subfield code="w">(DLC)sn 84023563</subfield><subfield code="w">(OCoLC)2258525</subfield></datafield><datafield ind1="1" ind2=" " tag="775"><subfield code="t">Boston post (Boston, Mass. : Daily)</subfield><subfield code="w">(DLC)sn 84023564</subfield><subfield code="w">(OCoLC)10897611</subfield></datafield><datafield ind1="1" ind2=" " tag="775"><subfield code="t">Boston press and post</subfield><subfield code="w">(DLC)sn 84023565</subfield><subfield code="w">(OCoLC)10897425</subfield></datafield><datafield ind1="1" ind2=" " tag="775"><subfield code="t">Boston statesman (Boston, Mass. : Triweekly)</subfield><subfield code="w">(DLC)sn 84023560</subfield><subfield code="w">(OCoLC)10897024</subfield></datafield><datafield ind1="1" ind2=" " tag="775"><subfield code="t">Campaign post (Boston, Mass. : 1852)</subfield><subfield code="w">(DLC)sn 84023122</subfield><subfield code="w">(OCoLC)10747279</subfield></datafield><datafield ind1="0" ind2="0" tag="780"><subfield code="t">Saturday evening statesman</subfield><subfield code="w">(DLC)sn 84023558</subfield><subfield code="w">(OCoLC)10897188</subfield></datafield><datafield ind1="0" ind2="5" tag="780"><subfield code="t">Free press and advocate (Boston, Mass.)</subfield><subfield code="w">(DLC)sn 84023328</subfield><subfield code="w">(OCoLC)10822123</subfield></datafield><datafield ind1="0" ind2="0" tag="785"><subfield code="t">Boston statesman and weekly post</subfield><subfield code="w">(DLC)sn 84023566</subfield><subfield code="w">(OCoLC)10900544</subfield></datafield><datafield ind1=" " ind2=" " tag="850"><subfield code="a">MH</subfield></datafield><datafield ind1=" " ind2=" " tag="938"><subfield code="a">Kirtas Technologies, Inc.</subfield><subfield code="b">KRTS</subfield><subfield code="n">736373</subfield></datafield></record>